<record><leader>00000cas a22000007a 4500</leader><controlfield tag="001">19773450</controlfield><controlfield tag="008">890527d19311956njuwr ne      0    0eng d</controlfield><datafield ind1=" " ind2=" " tag="010"><subfield code="a">sn 89069130 </subfield></datafield><datafield ind1=" " ind2=" " tag="040"><subfield code="a">NJW</subfield><subfield code="b">eng</subfield><subfield code="c">NJW</subfield><subfield code="d">OCLCQ</subfield></datafield><datafield ind1=" " ind2=" " tag="042"><subfield code="a">msc</subfield></datafield><datafield ind1="0" ind2=" " tag="130"><subfield code="a">Denville herald (Denville, N.J. : 1931)</subfield></datafield><datafield ind1="1" ind2="0" tag="245"><subfield code="a">Denville herald.</subfield></datafield><datafield ind1=" " ind2=" " tag="260"><subfield code="a">Denville, N.J. :</subfield><subfield code="b">Denville Herald Pub. Co.,</subfield><subfield code="c">1931-1956.</subfield></datafield><datafield ind1=" " ind2=" " tag="310"><subfield code="a">Weekly</subfield></datafield><datafield ind1="0" ind2=" " tag="362"><subfield code="a">Vol. 2, no. 1 (Oct. 29, 1931)-v. 64, no. 22 (Dec. 20, 1956).</subfield></datafield><datafield ind1=" " ind2=" " tag="515"><subfield code="a">Continues numbering of: Denville herald (Denville, N.J. : 1930).</subfield></datafield><datafield ind1=" " ind2=" " tag="752"><subfield code="a">United States</subfield><subfield code="b">New Jersey</subfield><subfield code="c">Morris</subfield><subfield code="d">Denville.</subfield></datafield><datafield ind1="0" ind2="0" tag="780"><subfield code="t">Hackettstown news and Denville herald</subfield><subfield code="w">(DLC)sn 89069125</subfield></datafield><datafield ind1="0" ind2="4" tag="785"><subfield code="t">Citizen of Morris County</subfield><subfield code="w">(DLC)sn 85035509</subfield><subfield code="w">(OCoLC)11721869</subfield></datafield></record>